@misc{github:microsoft-ui-xaml:4752,
  author = {Marv51},
  title = {WebView2 lifecycle},
  year = {2021},
  howpublished = {\url{https://github.com/microsoft/microsoft-ui-xaml/issues/4752}},
  note = {Accessed: 2022-01-04}
}
